@misc{ wiki:bsp,
    author = "Wikipedia contributors",
    title = "Binary space partitioning --- Wikipedia{,} The Free Encyclopedia",
    year = "2018",
    url = {https://en.wikipedia.org/w/index.php?title=Binary_space_partitioning&oldid=828843135},
    note = "[Online; accessed 14-March-2018]"
  }
  
  @misc{ wiki:kdtree,
    author = "Wikipedia contributors",
    title = "K-d tree --- Wikipedia{,} The Free Encyclopedia",
    year = "2018",
    url = {https://en.wikipedia.org/w/index.php?title=K-d_tree&oldid=829846868},
    note = "[Online; accessed 14-March-2018]"
  }
  
  @book{green2016procedural,
  title={Procedural Content Generation for C++ Game Development},
  author={Green, D.},
  isbn={9781785886355},
  url={https://books.google.it/books?id=EQYcDAAAQBAJ},
  year={2016},
  publisher={Packt Publishing}
}

@book{siciliano2008robotica,
  title={Robotica. Modellistica, pianificazione e controllo},
  author={Siciliano, B.},
  isbn={9788838663222},
  series={Collana di istruzione scientifica. Serie di automatica},
  url={https://books.google.it/books?id=HdaVPQAACAAJ},
  year={2008},
  publisher={McGraw-Hill Companies}
}


@article{apotetianfield,
	Author = {Sabudin E. N, Omar. R, Che Ku Melor C. K. A. N. H},
	Journal = {ARPN Journal of Engineering and Applied Sciences},
	Number = {18},
	Title = {POTENTIAL FIELD METHODS AND THEIR INHERENT APPROACHES FOR PATH PLANNING},
	Volume = {11},
	Year = {SEPTEMBER 2016}
}

@INPROCEEDINGS{6283526, 
author={G. Li and A. Yamashita and H. Asama and Y. Tamura}, 
booktitle={2012 IEEE International Conference on Mechatronics and Automation}, 
title={An efficient improved artificial potential field based regression search method for robot path planning}, 
year={2012}, 
volume={}, 
number={}, 
pages={1227-1232}, 
keywords={collision avoidance;mobile robots;optimisation;regression analysis;robot vision;search problems;NP-hard problem;autonomous mobile robot;collision-free path;global near-optimal collision-free safety path;global optimal collision-free safety path;global suboptimal path;goal location;improved APF-based RS method;improved artificial potential field-based regression search method;initial location;local minima problem elimination;nonreachable problem elimination;optimization path;optimization problem;oscillatory movements;potential functions;robot path planning;sequential points;virtual local target;Collision avoidance;Force;Mobile robots;Oscillators;Path planning;Robot kinematics;Artificial potential field;Autonomous mobile robot;Path planning;Regression search}, 
doi={10.1109/ICMA.2012.6283526}, 
ISSN={2152-7431}, 
month={Aug},}

@INPROCEEDINGS{5498220, 
author={Xiaohao Xu and Chenggong Li and Yifei Zhao}, 
booktitle={2010 Chinese Control and Decision Conference}, 
title={Air traffic rerouting planning based on the improved artificial potential field model}, 
year={2010}, 
volume={}, 
number={}, 
pages={1444-1449}, 
keywords={air traffic;air traffic control;path planning;ATC program;China;IAPEM;additional gravitation point;air traffic flow management;air traffic rerouting planning;curve cut-off method;improved artificial potential field model;linear fitting method;potential field function;Air traffic control;Aircraft;Airports;Capacity planning;Electronic mail;Optimization methods;Path planning;Robots;Traffic control;Turning;ATFM;Additional Gravitation Point;IAPFM;Linear Sub-fitting;Path Planning;Reroute}, 
doi={10.1109/CCDC.2010.5498220}, 
ISSN={1948-9439}, 
month={May},}

@INPROCEEDINGS{131810, 
author={Y. Koren and J. Borenstein}, 
booktitle={Proceedings. 1991 IEEE International Conference on Robotics and Automation}, 
title={Potential field methods and their inherent limitations for mobile robot navigation}, 
year={1991}, 
volume={}, 
number={}, 
pages={1398-1404 vol.2}, 
keywords={computerised navigation;mobile robots;position control;computerised navigation;mobile robot;obstacle avoidance;potential field methods;sampling time;vector field histogram;Differential equations;Force sensors;Heart;Histograms;Manipulators;Mechanical engineering;Mobile robots;Navigation;Robot kinematics;Vehicles}, 
doi={10.1109/ROBOT.1991.131810}, 
ISSN={}, 
month={Apr},}